<record><leader>00000cas a2200000 a 4500</leader><controlfield tag="001">31726464</controlfield><controlfield tag="008">941221d18uu18uuiludn ne      0   a0eng c</controlfield><datafield ind1=" " ind2=" " tag="010"><subfield code="a">sn 94060627 </subfield></datafield><datafield ind1=" " ind2=" " tag="040"><subfield code="a">NVF</subfield><subfield code="b">eng</subfield><subfield code="c">NVF</subfield><subfield code="d">OCL</subfield><subfield code="d">NVF</subfield><subfield code="d">OCLCQ</subfield><subfield code="d">OCLCF</subfield><subfield code="d">OCLCO</subfield><subfield code="d">NVF</subfield><subfield code="d">OCLCO</subfield><subfield code="d">OCL</subfield></datafield><datafield ind1=" " ind2=" " tag="042"><subfield code="a">pcc</subfield></datafield><datafield ind1=" " ind2=" " tag="043"><subfield code="a">n-us-il</subfield></datafield><datafield ind1="0" ind2=" " tag="130"><subfield code="a">Sterling standard (Sterling, Ill. : Daily fair ed.)</subfield></datafield><datafield ind1="1" ind2="0" tag="245"><subfield code="a">Sterling standard.</subfield></datafield><datafield ind1=" " ind2=" " tag="250"><subfield code="a">Daily ed.</subfield></datafield><datafield ind1=" " ind2=" " tag="260"><subfield code="a">Sterling [Ill.] :</subfield><subfield code="b">Theodore H. Mack</subfield></datafield><datafield ind1=" " ind2=" " tag="300"><subfield code="a">volumes</subfield></datafield><datafield ind1=" " ind2=" " tag="310"><subfield code="a">Daily (during annual Northwestern Fair)</subfield></datafield><datafield ind1=" " ind2=" " tag="580"><subfield code="a">Weekly ed.: Sterling standard (Sterling, Ill. : Weekly), &lt;1874-1883&gt;</subfield></datafield><datafield ind1=" " ind2=" " tag="588"><subfield code="a">Description based on: Aug. 25, 1874.</subfield></datafield><datafield ind1=" " ind2=" " tag="588"><subfield code="a">Latest issue consulted: Sept. 14, 1883.</subfield></datafield><datafield ind1=" " ind2="0" tag="650"><subfield code="a">Fairs</subfield><subfield code="z">Illinois</subfield><subfield code="z">Whiteside County</subfield><subfield code="z">Sterling</subfield><subfield code="v">Newspapers.</subfield></datafield><datafield ind1=" " ind2="0" tag="650"><subfield code="a">Agricultural exhibitions</subfield><subfield code="z">Illinois</subfield><subfield code="z">Whiteside County</subfield><subfield code="z">Sterling</subfield><subfield code="v">Newspapers.</subfield></datafield><datafield ind1=" " ind2="0" tag="651"><subfield code="a">Sterling (Ill.)</subfield><subfield code="v">Newspapers.</subfield></datafield><datafield ind1=" " ind2="0" tag="651"><subfield code="a">Whiteside County (Ill.)</subfield><subfield code="v">Newspapers.</subfield></datafield><datafield ind1=" " ind2="7" tag="655"><subfield code="a">Newspapers.</subfield><subfield code="2">fast</subfield><subfield code="0">(OCoLC)fst01423814</subfield></datafield><datafield ind1=" " ind2="7" tag="650"><subfield code="a">Agricultural exhibitions.</subfield><subfield code="2">fast</subfield><subfield code="0">(OCoLC)fst00800761</subfield></datafield><datafield ind1=" " ind2="7" tag="650"><subfield code="a">Fairs.</subfield><subfield code="2">fast</subfield><subfield code="0">(OCoLC)fst00919892</subfield></datafield><datafield ind1=" " ind2="7" tag="651"><subfield code="a">Illinois</subfield><subfield code="z">Sterling.</subfield><subfield code="2">fast</subfield><subfield code="0">(OCoLC)fst01217941</subfield></datafield><datafield ind1=" " ind2="7" tag="651"><subfield code="a">Illinois</subfield><subfield code="z">Whiteside County.</subfield><subfield code="2">fast</subfield><subfield code="0">(OCoLC)fst01208395</subfield></datafield><datafield ind1=" " ind2=" " tag="752"><subfield code="a">United States</subfield><subfield code="b">Illinois</subfield><subfield code="c">Whiteside County</subfield><subfield code="d">Sterling.</subfield></datafield><datafield ind1="1" ind2=" " tag="775"><subfield code="t">Sterling standard (Sterling, Ill. : Weekly)</subfield><subfield code="w">(DLC)sn 84038650</subfield><subfield code="w">(OCoLC)11422448</subfield></datafield></record>